@book{sutton1998reinforcement,
  title={Reinforcement learning: An introduction},
  author={Sutton, Richard S and Barto, Andrew G},
  volume={1},
  number={1},
  year={1998},
  publisher={MIT press Cambridge}
}
@inproceedings{azar2011speedy,
  title={Speedy Q-Learning.},
  author={Azar, Mohammad Gheshlaghi and Munos, Remi and Ghavamzadeh, Mohammad and Kappen, Hilbert J and others},
  booktitle={NIPS},
  pages={2411--2419},
  year={2011}
}
@inproceedings{strehl2006pac,
  title={PAC model-free reinforcement learning},
  author={Strehl, Alexander L and Li, Lihong and Wiewiora, Eric and Langford, John and Littman, Michael L},
  booktitle={Proceedings of the 23rd international conference on Machine learning},
  pages={881--888},
  year={2006},
  organization={ACM}
}
@article{watkins1992q,
  title={Q-learning},
  author={Watkins, Christopher JCH and Dayan, Peter},
  journal={Machine learning},
  volume={8},
  number={3-4},
  pages={279--292},
  year={1992},
  publisher={Springer}
}
@article{tsitsiklis1997analysis,
  title={An analysis of temporal-difference learning with function approximation},
  author={Tsitsiklis, John N and Van Roy, Benjamin and others},
  journal={IEEE transactions on automatic control},
  volume={42},
  number={5},
  pages={674--690},
  year={1997}
}
@article{rasmussen2006gaussian,
  title={Gaussian processes for machine learning},
  author={Rasmussen, Carl Edward},
  year={2006},
  publisher={Citeseer}
}
@article{Rasmussen:2010:GPM:1756006.1953029,
 author = {Rasmussen, Carl Edward and Nickisch, Hannes},
 title = {Gaussian Processes for Machine Learning (GPML) Toolbox},
 journal = {J. Mach. Learn. Res.},
 issue_date = {3/1/2010},
 volume = {11},
 month = dec,
 year = {2010},
 issn = {1532-4435},
 pages = {3011--3015},
 numpages = {5},
 url = {http://dl.acm.org/citation.cfm?id=1756006.1953029},
 acmid = {1953029},
 publisher = {JMLR.org},
} 
@book{murphy2012machine,
  title={Machine learning: a probabilistic perspective},
  author={Murphy, Kevin P},
  year={2012},
  publisher={MIT press}
}
@article{jaakkola1994convergence,
  title={On the convergence of stochastic iterative dynamic programming algorithms},
  author={Jaakkola, Tommi and Jordan, Michael I and Singh, Satinder P},
  journal={Neural computation},
  volume={6},
  number={6},
  pages={1185--1201},
  year={1994},
  publisher={MIT Press}
}
@article{mitchell2004toolbox,
  title={A toolbox of level set methods},
  author={Mitchell, Ian M},
  journal={Dept. Comput. Sci., Univ. British Columbia, Vancouver, BC, Canada, http://www. cs. ubc. ca/\~{} mitchell/ToolboxLS/toolboxLS. pdf, Tech. Rep. TR-2004-09},
  year={2004}
}
@book{mitchell2003application,
  title={Application of level set methods to control and reachability problems in continuous and hybrid systems},
  author={Mitchell, Ian Michael},
  year={2003},
  publisher={University Microfilms}
}
@inproceedings{akametalu2014reachability,
  title={Reachability-based safe learning with Gaussian processes},
  author={Akametalu, Anayo K and Fisac, Jaime F and Gillula, Jeremy H and Kaynama, Shahab and Zeilinger, Melanie N and Tomlin, Claire J},
  booktitle={Decision and Control (CDC), 2014 IEEE 53rd Annual Conference on},
  pages={1424--1431},
  year={2014},
  organization={IEEE}
}
@book{aastrom2013adaptive,
  title={Adaptive control},
  author={{\AA}str{\"o}m, Karl J and Wittenmark, Bj{\"o}rn},
  year={2013},
  publisher={Courier Corporation}
}
@article{wang1993stable,
  title={Stable adaptive fuzzy control of nonlinear systems},
  author={Wang, L-X},
  journal={IEEE Transactions on fuzzy systems},
  volume={1},
  number={2},
  pages={146--155},
  year={1993},
  publisher={IEEE}
}
@article{doya2000reinforcement,
  title={Reinforcement learning in continuous time and space},
  author={Doya, Kenji},
  journal={Neural computation},
  volume={12},
  number={1},
  pages={219--245},
  year={2000},
  publisher={MIT Press}
}
@inproceedings{even2001convergence,
  title={Convergence of optimistic and incremental Q-learning},
  author={Even-Dar, Eyal and Mansour, Yishay},
  booktitle={NIPS},
  pages={1499--1506},
  year={2001}
}